<record><leader>00000cas a22000007a 4500</leader><controlfield tag="001">12089810</controlfield><controlfield tag="008">850529d18631871maucr ne      0    0eng d</controlfield><controlfield tag="009">3783</controlfield><datafield ind1=" " ind2=" " tag="010"><subfield code="a">sn 85038278 </subfield></datafield><datafield ind1=" " ind2=" " tag="040"><subfield code="a">NPY</subfield><subfield code="b">eng</subfield><subfield code="c">NPY</subfield><subfield code="d">DLC</subfield><subfield code="d">MGN</subfield></datafield><datafield ind1="1" ind2=" " tag="029"><subfield code="a">AU@</subfield><subfield code="b">000025793083</subfield></datafield><datafield ind1=" " ind2=" " tag="042"><subfield code="a">msc</subfield></datafield><datafield ind1="0" ind2="0" tag="245"><subfield code="a">Springfield semi-weekly Republican.</subfield></datafield><datafield ind1="1" ind2="0" tag="246"><subfield code="a">Springfield semiweekly Republican</subfield></datafield><datafield ind1="1" ind2="0" tag="246"><subfield code="a">Springfield Republican</subfield></datafield><datafield ind1=" " ind2=" " tag="260"><subfield code="a">Springfield, Mass. :</subfield><subfield code="b">[s.n.],</subfield></datafield><datafield ind1=" " ind2=" " tag="300"><subfield code="a">v.</subfield></datafield><datafield ind1=" " ind2=" " tag="310"><subfield code="a">Semiweekly</subfield></datafield><datafield ind1="0" ind2=" " tag="362"><subfield code="a">Vol. 1, no. 1 (Sept. 9, 1863)-</subfield></datafield><datafield ind1="1" ind2=" " tag="362"><subfield code="a">Ceased Dec. 29, 1871?</subfield></datafield><datafield ind1=" " ind2=" " tag="500"><subfield code="a">"Semiweekly" in masthead ornament.</subfield></datafield><datafield ind1=" " ind2=" " tag="752"><subfield code="a">United States</subfield><subfield code="b">Massachusetts</subfield><subfield code="c">Hampden</subfield><subfield code="d">Springfield.</subfield></datafield><datafield ind1="0" ind2=" " tag="775"><subfield code="t">Springfield daily Republican (Springfield, Mass.)</subfield><subfield code="w">(DLC)sn 83045602</subfield></datafield><datafield ind1="0" ind2=" " tag="775"><subfield code="t">Springfield weekly Republican (Springfield, Mass.)</subfield><subfield code="w">(DLC)sn 83020847</subfield></datafield><datafield ind1="0" ind2="0" tag="780"><subfield code="t">Springfield tri-weekly Republican</subfield><subfield code="w">(DLC)sn 85038277</subfield></datafield></record>